@phdthesis{felten_multi-objective_2024,
	type = {{PhD} {Thesis}},
	title = {Multi-{Objective} {Reinforcement} {Learning}},
	url = {https://hdl.handle.net/10993/61488},
	language = {English},
	school = {Unilu - Universit√© du Luxembourg [FSTM], Luxembourg},
	author = {Felten, Florian},
	month = jun,
	year = {2024},
}
